% use `texdoc biblatex` to get he
@article{1,
  author = {Han, Y.},
  title = {Weak tangent and level sets of Takagi functions},
  journal = {Monatsh. Math.},
  year = {2020},
  volume = {192},
  pages = {249--264},
}
@article{2,
  author = {Allaart, P. and Kawamura, K.},
  title = {The Takagi function: a survey},
  journal = {Real Anal. Exch.},
  year = {2011},
  volume = {37},
  pages = {1--54},
}

@book{3,
  author = {Fraser, J.M.},
  title = {Assouad dimension and fractal geometry},
  series = {Cambridge Tracts in Mathematics},
  volume = {222},
  year = {2021},
  address = {Cambridge},
}

@book{4,
  author = {Falconer, K.},
  title = {Fractal geometry: Mathematical foundations and applications},
  edition = {3rd},
  year = {2014},
  address = {Chichester},
}

@article{allaart2011takagi,
  author = {Allaart, P. and Kawamura, K.},
  title = {The Takagi function: a survey},
  journal = {Real Anal. Exch.},
  year = {2011},
  volume = {37},
  pages = {1--54},
}

@book{fraser2021assouad,
  author = {Fraser, J.M.},
  title = {Assouad dimension and fractal geometry},
  series = {Cambridge Tracts in Mathematics},
  volume = {222},
  year = {2021},
  address = {Cambridge},
}

@book{falconer2014fractal,
  author = {Falconer, K.},
  title = {Fractal geometry: Mathematical foundations and applications},
  edition = {3rd},
  year = {2014},
  address = {Chichester},
}

@article{baker2018root,
  author = {Baker, S. and Yu, H.},
  title = {Root sets of polynomials and power series with finite choices of coefficients},
  journal = {Comput. Methods Funct. Theory},
  year = {2018},
  volume = {18},
  pages = {89--97},
}

@article{bandt2002mandelbrot,
  author = {Bandt, C.},
  title = {On the Mandelbrot set for pairs of linear maps},
  journal = {Nonlinearity},
  year = {2002},
  volume = {15},
  pages = {1127--1147},
}

@book{baranski2015dimension,
  author = {Bara\'nski, K.},
  title = {Dimension of the Graphs of the Weierstrass-Type Functions},
  series = {Fractal Geometry and Stochastics V},
  year = {2015},
  address = {Cham},
  publisher = {Springer},
}

@article{baranski2014dimension,
  author = {Bara\'nski, K. and B\'ar\'any, B. and Romanowska, J.},
  title = {On the dimension of the graph of the classical Weierstrass function},
  journal = {Adv. Math.},
  year = {2014},
  volume = {265},
  pages = {32--59},
}

@article{deamo2011hausdorff,
  author = {de Amo, E. and Bhouri, I. and D\'iaz Carrillo, M. and Fern\'andez-S\'anchez, J.},
  title = {The Hausdorff dimension of the level sets of Takagi's function},
  journal = {Nonlinear Anal. Theory Methods Appl.},
  year = {2011},
  volume = {74},
  pages = {5081--5087},
}

@book{falconer2005fractal,
  author = {Falconer, K.},
  title = {Fractal Geometry: Mathematical Foundations and Applications},
  edition = {2nd},
  year = {2005},
  address = {New York},
  publisher = {Wiley},
}

@article{falconer2011horizon,
  author = {Falconer, K. and Fraser, J.},
  title = {The horizon problem for prevalent surfaces},
  journal = {Math. Proc. Camb. Philos. Soc.},
  year = {2011},
  volume = {151},
  pages = {355--372},
}

@article{fraser2018distance,
  author = {Fraser, J.},
  title = {Distance sets, orthogonal projections, and passing to weak tangents},
  journal = {Isr. J. Math.},
  year = {2018},
  volume = {226},
  number = {2},
  pages = {851--875},
}

@article{fraser2018new,
  author = {Fraser, J. and Yu, H.},
  title = {New dimension spectra: finer information on scaling and homogeneity},
  journal = {Adv. Math.},
  year = {2018},
  volume = {329},
  pages = {273--328},
}

@article{furstenberg2008ergodic,
  author = {Furstenberg, H.},
  title = {Ergodic fractal measures and dimension conservation},
  journal = {Ergod. Theory Dyn. Syst.},
  year = {2008},
  volume = {28},
  pages = {405--422},
}

@article{howroyd2019assouad,
  author = {Howroyd, D. and Yu, H.},
  title = {Assouad dimension of random processes},
  journal = {Proc. Edinb. Math. Soc.},
  year = {2019},
  volume = {62},
  number = {1},
  pages = {281--290},
}

@article{hu1993fractal,
  author = {Hu, T.Y. and Lau, K.S.},
  title = {Fractal dimensions and singularities of the Weierstrass type functions},
  journal = {Trans. Am. Math. Soc.},
  year = {1993},
  volume = {335},
  pages = {649--665},
}

@article{kaplan1984lyapunov,
  author = {Kaplan, J. and Mallet-Paret, J. and Yorke, J.},
  title = {The Lyapunov dimension of a nowhere differentiable attracting torus},
  journal = {Ergod. Theory Dyn. Syst.},
  year = {1984},
  volume = {4},
  number = {2},
  pages = {261--281},
}

@article{kaenmaki2016rigidity,
  author = {Käenmäki, A. and Ojala, T. and Rossi, E.},
  title = {Rigidity of quasisymmetric mappings on self-affine carpets},
  journal = {International Mathematics Research Notices},
  year = {2016},
  note = {preprint, arXiv:1607.02244 (to appear)},
}

@article{lagarias2012takagi,
  author = {Lagarias, J.},
  title = {The Takagi function and its properties},
  journal = {RIMS Kokyuroku Bessatsu B34},
  year = {2012},
  pages = {153--189},
}

@book{mackay2010conformal,
  author = {Mackay, J.M. and Tyson, J.T.},
  title = {Conformal Dimension. Theory and Application},
  series = {University Lecture Series},
  volume = {54},
  year = {2010},
  address = {Providence, RI},
  publisher = {American Mathematical Society},
}

@article{odlyzko1993zeros,
  author = {Odlyzko, A. and Poonen, B.},
  title = {Zeros of polynomials with 0,1 coefficients},
  journal = {Enseign. Math.},
  year = {1993},
  volume = {39},
  pages = {317--348},
}


@article{shen2017hausdorff,
  author = {Shen, W.X.},
  title = {Hausdorff dimension of the graphs of the classical Weierstrass functions},
  journal = {Math. Z.},
  year = {2017},
  volume = {2017},
  pages = {1--44},
}
