@article{1,
  author = {Allaart,P., Kawamura,K.},
  journal = {Real Anal. Exch.},
  number = {1-54},
  title = {The Takagi function: a survey.},
  volume = {37},
  year = {2011}
}
@article{2,
  author = {Baker, S., Yu, H.},
  journal = {Comput. Methods Funct. Theory},
  number = {89-97},
  title = {Root sets of polynomials and power series with finite choices of coefficients},
  volume = {},
  year = {}
}